<record><leader>00000cas a22000007a 4500</leader><controlfield tag="001">22874614</controlfield><controlfield tag="008">901219d193119uumauwr ne      0    0eng d</controlfield><datafield ind1=" " ind2=" " tag="010"><subfield code="a">sn 89063407 </subfield></datafield><datafield ind1=" " ind2=" " tag="040"><subfield code="a">MGN</subfield><subfield code="b">eng</subfield><subfield code="c">MGN</subfield><subfield code="d">OCLCQ</subfield></datafield><datafield ind1=" " ind2=" " tag="042"><subfield code="a">msc</subfield></datafield><datafield ind1="0" ind2="4" tag="245"><subfield code="a">The Waltham times.</subfield></datafield><datafield ind1=" " ind2=" " tag="260"><subfield code="a">Waltham, Mass. :</subfield><subfield code="b">Waltham Times, Inc.</subfield></datafield><datafield ind1=" " ind2=" " tag="300"><subfield code="a">v.</subfield></datafield><datafield ind1=" " ind2=" " tag="310"><subfield code="a">Weekly</subfield></datafield><datafield ind1="0" ind2=" " tag="362"><subfield code="a">Vol. 1, no. 106 (Oct. 1, 1931)-</subfield></datafield><datafield ind1=" " ind2=" " tag="752"><subfield code="a">United States</subfield><subfield code="b">Massachusetts</subfield><subfield code="c">Middlesex</subfield><subfield code="d">Waltham.</subfield></datafield><datafield ind1="0" ind2="0" tag="780"><subfield code="t">Waltham daily times</subfield><subfield code="w">(DLC)sn 89063406</subfield></datafield></record>